@article{mcculloch1943logical,
  title={A logical calculus of the ideas immanent in nervous activity},
  author={McCulloch, Warren S and Pitts, Walter},
  journal={The bulletin of mathematical biophysics},
  volume={5},
  number={4},
  pages={115--133},
  year={1943},
  publisher={Springer}
}
@article{bishop1994neural,
  title={Neural networks and their applications},
  author={Bishop, Chris M},
  journal={Review of scientific instruments},
  volume={65},
  number={6},
  pages={1803--1832},
  year={1994},
  publisher={American Institute of Physics}
}
@article{rosenblatt1958perceptron,
  title={The perceptron: a probabilistic model for information storage and organization in the brain.},
  author={Rosenblatt, Frank},
  journal={Psychological review},
  volume={65},
  number={6},
  pages={386},
  year={1958},
  publisher={American Psychological Association}
}
@book{hebb1949organization,
  title={The organization of behavior: a neuropsychological theory},
  author={Hebb, Donald Olding},
  year={1949},
  publisher={J. Wiley; Chapman \& Hall}
}

